@book{lev,
	author="Левенштейн, В. И.",
	title="Двоичные коды с исправлением выпадений, вставок и замещений символов",
	publisher="-- М.: Издательство «Наука», Доклады АН СССР",
	volume=163,
	chapter=4,
	pages="845--848",
	language="russian",
	year=1965
}

@misc{c++,
	title="Справочник по языку C++ -- Microsoft Learn [Электронный ресурс]",
	howpublished="Режим доступа: 
	\url{https://learn.microsoft.com/ru-ru/cpp/cpp/cpp-language-reference?view=msvc-170l}
	(дата обращения: 18.11.2022)"
}

@misc{clock,
	title="clock -- ctime -- C++ [Электронный ресурс]",
	howpublished="Режим доступа: 
        \url{https://cplusplus.com/reference/ctime/clock/}
         (дата обращения: 15.11.2022)"
}

@misc{wstring,
	title="std::wstring -- C++ [Электронный ресурс]",
	howpublished="Режим доступа: 
	\url{https://cplusplus.com/reference/string/wstring/}
	(дата обращения: 15.11.2022)"
}

@misc{intel,
	title="Intel [Электронный ресурс]",
	howpublished="Режим доступа: 
	\url{https://ark.intel.com/content/www/ru/ru/ark/products/208658/intel-core-i51135g7-processor-8m-cache-up-to-4-20-ghz.html}
	(дата обращения: 18.11.2022)"
}

